@article{McLean_1988,
  doi = {10.1017/s0950268800065614},
  url = {http://dx.doi.org/10.1017/s0950268800065614},
  year = {1988},
  month = {feb},
  publisher = {Cambridge University Press ({CUP})},
  volume = {100},
  number = {01},
  pages = {111},
  author = {A. R. McLean and R. M. Anderson},
  title = {{Measles in developing countries Part I. Epidemiological parameters and patterns}},
  journal = {Epidemiol. Infect.},
}


@article{Ferrari_2008,
  doi = {10.1038/nature06509},
  url = {http://dx.doi.org/10.1038/nature06509},
  year = {2008},
  month = {feb},
  publisher = {Nature Publishing Group},
  volume = {451},
  number = {7179},
  pages = {679--684},
  author = {Matthew J. Ferrari and Rebecca F. Grais and Nita Bharti and Andrew J. K. Conlan and Ottar N. Bj{\o}rnstad and Lara J. Wolfson and Philippe J. Guerin and Ali Djibo and Bryan T. Grenfell},
  title = {{The dynamics of measles in sub-Saharan Africa}},
  journal = {Nature},
}


@article{Anderson_1992,
  doi = {10.1038/scientificamerican0592-58},
  url = {http://dx.doi.org/10.1038/scientificamerican0592-58},
  year = {1992},
  month = {may},
  publisher = {Nature Publishing Group},
  volume = {266},
  number = {5},
  pages = {58--66},
  author = {Roy M. Anderson and Robert M. May},
  title = {{Understanding the {AIDS} Pandemic}},
  journal = {Sci Am},
}


@article{Anderson_1981,
  doi = {10.1098/rstb.1981.0005},
  url = {http://dx.doi.org/10.1098/rstb.1981.0005},
  year = {1981},
  month = {apr},
  publisher = {The Royal Society},
  volume = {291},
  number = {1054},
  pages = {451--524},
  author = {R. M. Anderson and R. M. May},
  title = {{The Population Dynamics of Microparasites and Their Invertebrate Hosts}},
  journal = {Philosophical Transactions of the Royal Society B: Biological Sciences},
}


@article{Patil_2010,
  doi = {10.18637/jss.v035.i04},
  url = {http://dx.doi.org/10.18637/jss.v035.i04},
  year = {2010},
  publisher = {Foundation for Open Access Statistic},
  volume = {35},
  number = {4},
  author = {Anand Patil and David Huard and Christopher Fonnesbeck},
  title = {PyMC: Bayesian Stochastic Modelling in Python},
  journal = {Journal of Statistical Software},
}


@incollection{Geyer_2011,
  doi = {10.1201/b10905-2},
  url = {http://dx.doi.org/10.1201/b10905-2},
  year = {2011},
  month = {may},
  publisher = {Informa {UK} Limited},
  author = {Charles Geyer},
  title = {{Introduction to Markov Chain Monte Carlo}},
  booktitle = {Chapman {\&} Hall/{CRC} Handbooks of Modern Statistical Methods},
}


@article{Minetti_2013,
  doi = {10.3201/eid1902.120301},
  url = {http://dx.doi.org/10.3201/eid1902.120301},
  year = {2013},
  month = {feb},
  publisher = {Centers for Disease Control and Prevention ({CDC})},
  volume = {19},
  number = {2},
  pages = {202--209},
  author = {Andrea Minetti and Matthew Kagoli and Agnes Katsulukuta and Helena Huerga and Amber Featherstone and Hazel Chiotcha and Delphine Noel and Cameron Bopp and Laurent Sury and Renzo Fricke and Marta Iscla and Northan Hurtado and Tanya Ducomble and Sarala Nicholas and Storn Kabuluzi and Rebecca F. Grais and Francisco J. Luquero},
  title = {{Lessons and Challenges for Measles Control from Unexpected Large Outbreak Malawi}},
  journal = {Emerg. Infect. Dis.},
}


@article{Goodson_2011,
  doi = {10.1093/infdis/jir129},
  url = {http://dx.doi.org/10.1093/infdis/jir129},
  year = {2011},
  month = {jun},
  publisher = {Oxford University Press ({OUP})},
  volume = {204},
  number = {Supplement 1},
  pages = {S205--S214},
  author = {J. L. Goodson and B. G. Masresha and K. Wannemuehler and A. Uzicanin and S. Cochi},
  title = {{Changing Epidemiology of Measles in Africa}},
  journal = {Journal of Infectious Diseases},
}


@article{25803382,
  title = {{Reasons for Non-vaccination among Patients Who Acquired Measles: Lessons from the Local Measles Epidemics in Japan.}},
  date = {2014 Jul 3},
  source = {West Indian Med J},
  authors = {Takahashi, K and Kanda, H and Kim, JY},
  author = {Takahashi, K and Kanda, H and Kim, JY},
  year = {2014},
  month = {Jul},
  journal = {West Indian Med J},
  volume = {63},
  number = {},
  pages = {647-9},
  pubmed_id = {25803382},
}


@article{Minetti_2013a,
  doi = {10.1093/aje/kwt236},
  url = {http://dx.doi.org/10.1093/aje/kwt236},
  year = {2013},
  month = {oct},
  publisher = {Oxford University Press ({OUP})},
  volume = {179},
  number = {2},
  pages = {245--251},
  author = {A. Minetti and N. Hurtado and R. F. Grais and M. Ferrari},
  title = {{Reaching Hard-to-Reach Individuals: Nonselective Versus Targeted Outbreak Response Vaccination for Measles}},
  journal = {American Journal of Epidemiology},
}


@article{Durrheim_2014,
  doi = {10.1016/j.vaccine.2014.10.061},
  url = {http://dx.doi.org/10.1016/j.vaccine.2014.10.061},
  year = {2014},
  month = {dec},
  publisher = {Elsevier {BV}},
  volume = {32},
  number = {51},
  pages = {6880--6883},
  author = {David N. Durrheim and Natasha S. Crowcroft and Peter M. Strebel},
  title = {{Measles {\textendash} The epidemiology of elimination}},
  journal = {Vaccine},
}


@article{Merl_2009,
  doi = {10.1371/journal.pone.0005807},
  url = {http://dx.doi.org/10.1371/journal.pone.0005807},
  year = {2009},
  month = {jun},
  publisher = {Public Library of Science ({PLoS})},
  volume = {4},
  number = {6},
  pages = {e5807},
  author = {Daniel Merl and Leah R. Johnson and Robert B. Gramacy and Marc Mangel},
  editor = {Yang Yang},
  title = {{A Statistical Framework for the Adaptive Management of Epidemiological Interventions}},
  journal = {PLoS ONE},
}


@article{Shea_2014,
  doi = {10.1371/journal.pbio.1001970},
  url = {http://dx.doi.org/10.1371/journal.pbio.1001970},
  year = {2014},
  month = {oct},
  publisher = {Public Library of Science ({PLoS})},
  volume = {12},
  number = {10},
  pages = {e1001970},
  author = {Katriona Shea and Michael J. Tildesley and Michael C. Runge and Christopher J. Fonnesbeck and Matthew J. Ferrari},
  editor = {Andrew P. Dobson},
  title = {{Adaptive Management and the Value of Information: Learning Via Intervention in Epidemiology}},
  journal = {PLoS Biology},
}


@article{Ferrari_2013,
  doi = {10.1098/rstb.2012.0141},
  url = {http://dx.doi.org/10.1098/rstb.2012.0141},
  year = {2013},
  month = {jun},
  publisher = {The Royal Society},
  volume = {368},
  number = {1623},
  pages = {20120141--20120141},
  author = {M. J. Ferrari and B. T. Grenfell and P. M. Strebel},
  title = {{Think globally act locally: the role of local demographics and vaccination coverage in the dynamic response of measles infection to control}},
  journal = {Philosophical Transactions of the Royal Society B: Biological Sciences},
}


@article{Hersh_1991,
  doi = {10.1016/s0022-3476(05)80726-7},
  url = {http://dx.doi.org/10.1016/s0022-3476(05)80726-7},
  year = {1991},
  month = {aug},
  publisher = {Elsevier {BV}},
  volume = {119},
  number = {2},
  pages = {187--193},
  author = {Bradley S. Hersh and Paul E.M. Fine and W. Kay Kent and Stephen L. Cochi and Laura H. Kahn and Elizabeth R. Zell and Patrick L. Hays and Cindy L. Wood},
  title = {{Mumps outbreak in a highly vaccinated population}},
  journal = {The Journal of Pediatrics},
}


@article{Cherry_2012,
  doi = {10.1056/nejmp1209051},
  url = {http://dx.doi.org/10.1056/nejmp1209051},
  year = {2012},
  month = {aug},
  publisher = {New England Journal of Medicine ({NEJM}/{MMS})},
  volume = {367},
  number = {9},
  pages = {785--787},
  author = {James D. Cherry},
  title = {{Epidemic Pertussis in 2012 {\textemdash} The Resurgence of a Vaccine-Preventable Disease}},
  journal = {New England Journal of Medicine},
}


@article{Celentano_2005,
  doi = {10.1097/01.inf.0000177282.53500.77},
  url = {http://dx.doi.org/10.1097/01.inf.0000177282.53500.77},
  year = {2005},
  month = {sep},
  publisher = {Ovid Technologies (Wolters Kluwer Health)},
  volume = {24},
  number = {9},
  pages = {761--765},
  author = {Lucia Pastore Celentano and Marco Massari and Daniele Paramatti and Stefania Salmaso and Alberto Eugenio Tozzi},
  title = {{Resurgence of Pertussis in Europe}},
  journal = {The Pediatric Infectious Disease Journal},
}


@article{Shibeshi_2014,
  doi = {10.1016/j.vaccine.2014.01.089},
  url = {http://dx.doi.org/10.1016/j.vaccine.2014.01.089},
  year = {2014},
  month = {apr},
  publisher = {Elsevier {BV}},
  volume = {32},
  number = {16},
  pages = {1798--1807},
  author = {Messeret E. Shibeshi and Balcha G. Masresha and Sheilagh B. Smit and Robin J. Biellik and Jennifer L. Nicholson and Charles Muitherero and Nestor Shivute and Oladapo Walker and Katsande Reggis and James L. Goodson},
  title = {{Measles resurgence in southern Africa: Challenges to measles elimination}},
  journal = {Vaccine},
}


@article{Jansen_2003,
  doi = {10.1126/science.1086726},
  url = {http://dx.doi.org/10.1126/science.1086726},
  year = {2003},
  month = {aug},
  publisher = {American Association for the Advancement of Science ({AAAS})},
  volume = {301},
  number = {5634},
  pages = {804--804},
  author = {V. A. A. Jansen},
  title = {{Measles Outbreaks in a Population with Declining Vaccine Uptake}},
  journal = {Science},
}


@article{Cairns_2011,
  doi = {10.1093/infdis/jir072},
  url = {http://dx.doi.org/10.1093/infdis/jir072},
  year = {2011},
  month = {jun},
  publisher = {Oxford University Press ({OUP})},
  volume = {204},
  number = {Supplement 1},
  pages = {S35--S46},
  author = {K. L. Cairns and R. T. Perry and T. K. Ryman and R. K. Nandy and R. F. Grais},
  title = {{Should Outbreak Response Immunization Be Recommended for Measles Outbreaks in Middle- and Low-Income Countries? An Update}},
  journal = {Journal of Infectious Diseases},
}


@article{Grais_2011,
  doi = {10.1186/1752-1505-5-21},
  url = {http://dx.doi.org/10.1186/1752-1505-5-21},
  year = {2011},
  publisher = {Springer Nature},
  volume = {5},
  number = {1},
  pages = {21},
  author = {Rebecca F Grais and Peter Strebel and Peter Mala and John Watson and Robin Nandy and Michelle Gayer},
  title = {{Measles vaccination in humanitarian emergencies: a review of recent practice}},
  journal = {Conflict and Health},
}


@article{Takahashi_2015,
  doi = {10.1126/science.aaa3438},
  url = {http://dx.doi.org/10.1126/science.aaa3438},
  year = {2015},
  month = {mar},
  publisher = {American Association for the Advancement of Science ({AAAS})},
  volume = {347},
  number = {6227},
  pages = {1240--1242},
  author = {S. Takahashi and C. J. E. Metcalf and M. J. Ferrari and W. J. Moss and S. A. Truelove and A. J. Tatem and B. T. Grenfell and J. Lessler},
  title = {{Reduced vaccination and the risk of measles and other childhood infections post-Ebola}},
  journal = {Science},
}


@article{Camargo_2000,
  doi = {10.1590/s1020-49892000000600001},
  url = {http://dx.doi.org/10.1590/s1020-49892000000600001},
  year = {2000},
  month = {jun},
  publisher = {{FapUNIFESP} ({SciELO})},
  volume = {7},
  number = {6},
  author = {Maria Claudia Corr{\^{e}}a Camargo and Jos{\'{e}} Cassio de Moraes and Vanda A. U. F. Souza and Marina Ruiz Matos and Claudio S{\'{e}}rgio Pannuti},
  title = {{Predictors related to the occurrence of a measles epidemic in the city of S{\~{a}}o Paulo in 1997}},
  journal = {Revista Panamericana de Salud P{\'{u}}blica},
}


@article{Hutchins_2004,
  doi = {10.1086/379652},
  url = {http://dx.doi.org/10.1086/379652},
  year = {2004},
  month = {may},
  publisher = {Oxford University Press ({OUP})},
  volume = {189},
  number = {s1},
  pages = {S153--S159},
  author = {Sonja~S. Hutchins and Mark~J. Papania and Robert Amler and Edward~F. Maes and Mark Grabowsky and Kenneth Bromberg and Victoria Glasglow and Tamika Speed and William~J. Bellini and Walter~A. Orenstein},
  title = {{Evaluation of the Measles Clinical Case Definition}},
  journal = {The Journal of Infectious Diseases},
}


@article{Uzicanin_2011,
  doi = {10.1093/infdis/jir102},
  url = {http://dx.doi.org/10.1093/infdis/jir102},
  year = {2011},
  month = {jun},
  publisher = {Oxford University Press ({OUP})},
  volume = {204},
  number = {Supplement 1},
  pages = {S133--S149},
  author = {A. Uzicanin and L. Zimmerman},
  title = {{Field Effectiveness of Live Attenuated Measles-Containing Vaccines: A Review of Published Literature}},
  journal = {Journal of Infectious Diseases},
}


@article{EDMUNDS_2000,
  doi = {10.1017/s0950268800004672},
  url = {http://dx.doi.org/10.1017/s0950268800004672},
  year = {2000},
  month = {dec},
  publisher = {Cambridge University Press ({CUP})},
  volume = {125},
  number = {3},
  pages = {635--650},
  author = {W. J. Edmunds and N. J. Gay and M. Kretzschmar and R. G. Pebody and H. Wachmann},
  title = {{The pre-vaccination epidemiology of measles mumps and rubella in Europe: implications for modelling studies}},
  journal = {Epidemiol. Infect.},
}


@article{MOSSONG_2000,
  doi = {10.1017/s0950268899003672},
  url = {http://dx.doi.org/10.1017/s0950268899003672},
  year = {2000},
  month = {apr},
  publisher = {Cambridge University Press ({CUP})},
  volume = {124},
  number = {2},
  pages = {273--278},
  author = {J. Mossong and C. P. Muller},
  title = {{Estimation of the basic reproduction number of measles during an outbreak in a partially vaccinated population}},
  journal = {Epidemiol. Infect.},
}


@article{Conlan_2007,
  doi = {10.1098/rspb.2006.0030},
  url = {http://dx.doi.org/10.1098/rspb.2006.0030},
  year = {2007},
  month = {may},
  publisher = {The Royal Society},
  volume = {274},
  number = {1614},
  pages = {1133--1141},
  author = {A. J.K Conlan and B. T Grenfell},
  title = {{Seasonality and the persistence and invasion of measles}},
  journal = {Proceedings of the Royal Society B: Biological Sciences},
}


@article{Keeling_1997,
  doi = {10.1126/science.275.5296.65},
  url = {http://dx.doi.org/10.1126/science.275.5296.65},
  year = {1997},
  month = {jan},
  publisher = {American Association for the Advancement of Science ({AAAS})},
  volume = {275},
  number = {5296},
  pages = {65--67},
  author = {M. J. Keeling},
  title = {{Disease Extinction and Community Size: Modeling the Persistence of Measles}},
  journal = {Science},
}


@article{Mossong_2008,
  doi = {10.1371/journal.pmed.0050074},
  url = {http://dx.doi.org/10.1371/journal.pmed.0050074},
  year = {2008},
  month = {mar},
  publisher = {Public Library of Science ({PLoS})},
  volume = {5},
  number = {3},
  pages = {e74},
  author = {Joël Mossong and Niel Hens and Mark Jit and Philippe Beutels and Kari Auranen and Rafael Mikolajczyk and Marco Massari and Stefania Salmaso and Gianpaolo Scalia Tomba and Jacco Wallinga and Janneke Heijne and Malgorzata Sadkowska-Todys and Magdalena Rosinska and W. John Edmunds},
  editor = {Steven Riley},
  title = {{Social Contacts and Mixing Patterns Relevant to the Spread of Infectious Diseases}},
  journal = {PLoS Med},
}


@article{Omer_2009,
  doi = {10.1056/nejmsa0806477},
  url = {http://dx.doi.org/10.1056/nejmsa0806477},
  year = {2009},
  month = {may},
  publisher = {New England Journal of Medicine ({NEJM}/{MMS})},
  volume = {360},
  number = {19},
  pages = {1981--1988},
  author = {Saad B. Omer and Daniel A. Salmon and Walter A. Orenstein and M. Patricia deHart and Neal Halsey},
  title = {{Vaccine Refusal Mandatory Immunization, and the Risks of Vaccine-Preventable Diseases}},
  journal = {New England Journal of Medicine},
}


@article{Chiew_2013,
  doi = {10.2471/blt.13.125724},
  url = {http://dx.doi.org/10.2471/blt.13.125724},
  year = {2013},
  month = {dec},
  publisher = {{WHO} Press},
  volume = {92},
  number = {3},
  pages = {171--177},
  author = {May Chiew and Heather F Gidding and Aditi Dey and James Wood and Nicolee Martin and Stephanie Davis and Peter McIntyre},
  title = {{Estimating the measles effective reproduction number in Australia from routine notification data}},
  journal = {Bulletin of the World Health Organization},
}


@article{Ferrari_2005,
  doi = {10.1016/j.mbs.2005.08.002},
  url = {http://dx.doi.org/10.1016/j.mbs.2005.08.002},
  year = {2005},
  month = {nov},
  publisher = {Elsevier {BV}},
  volume = {198},
  number = {1},
  pages = {14--26},
  author = {Matthew J. Ferrari and Ottar N. Bj{\o}rnstad and Andrew P. Dobson},
  title = {{Estimation and inference of R0 of an infectious pathogen by a removal method}},
  journal = {Mathematical Biosciences},
}


@article{Lipsitch_2003,
  doi = {10.1126/science.1086616},
  url = {http://dx.doi.org/10.1126/science.1086616},
  year = {2003},
  month = {jun},
  publisher = {American Association for the Advancement of Science ({AAAS})},
  volume = {300},
  number = {5627},
  pages = {1966--1970},
  author = {M. Lipsitch},
  title = {{Transmission Dynamics and Control of Severe Acute Respiratory Syndrome}},
  journal = {Science},
}


@article{Ho_2014,
  doi = {10.1016/j.vaccine.2014.10.046},
  url = {http://dx.doi.org/10.1016/j.vaccine.2014.10.046},
  year = {2014},
  month = {dec},
  publisher = {Elsevier {BV}},
  volume = {32},
  number = {51},
  pages = {6927--6933},
  author = {Hanley J. Ho and Constance Low and Li Wei Ang and Jeffery L. Cutter and Joanne Tay and Kwai Peng Chan and Peng Lim Ooi and Koh Cheng Thoon and Kee Tai Goh},
  title = {{Progress towards measles elimination in Singapore}},
  journal = {Vaccine},
}


@article{GUY_2004,
  doi = {10.1017/s0950268804001955},
  url = {http://dx.doi.org/10.1017/s0950268804001955},
  year = {2004},
  month = {jun},
  publisher = {Cambridge University Press ({CUP})},
  volume = {132},
  number = {3},
  pages = {391--398},
  author = {R. J. GUY and R. M. ANDREWS and H. A. KELLY and J. A. LEYDON and M. A. RIDDELL and S. B. LAMBERT and M. G. CATTON},
  title = {Mumps and rubella: a year of enhanced surveillance and laboratory testing},
  journal = {Epidemiology and Infection},
}


@article{31c964,
  author = {Dietz, V. and Rota, J. and Izurieta, H. and Carrasco, P. and Bellini, W.},
  title = {{The laboratory confirmation of suspected measles cases in settings of low measles transmission: conclusions from the experience in the Americas}},
  journal = {Bulletin of the World Health Organization},
  volume = {82},
  number = {11},
  pages = {852-857},
  note = {Times Cited: 24 Dietz, V Rota, J Izurieta, H Carrasco, P Bellini, W},
  year = {2004},
}


@article{Zheng_2015,
  doi = {10.1371/journal.pone.0133983},
  url = {http://dx.doi.org/10.1371/journal.pone.0133983},
  year = {2015},
  month = {jul},
  publisher = {Public Library of Science (PLoS)},
  volume = {10},
  number = {7},
  pages = {e0133983},
  author = {Xiang Zheng and Ningjing Zhang and Xiaoshu Zhang and Lixin Hao and Qiru Su and Haijun Wang and Kongyan Meng and Binglin Zhang and Jianfeng Liu and Huaqing Wang and Huiming Luo and Li Li and Hui Li and Chao Ma},
  editor = {Yang Yang},
  title = {Investigation of a Measles Outbreak in China to Identify Gaps in Vaccination Coverage Routes of Transmission, and Interventions},
  journal = {PLOS ONE},
}


@incollection{de_Moraes_2016,
  doi = {10.1007/978-3-319-40413-4_16},
  url = {http://dx.doi.org/10.1007/978-3-319-40413-4_16},
  year = {2016},
  publisher = {Springer Nature},
  pages = {269--289},
  author = {Jos{\'{e}} Cassio de Moraes and Maria Claudia Corr{\^{e}}a Camargo and Maria L{\'{u}}cia Rocha de Mello and Bradley S. Hersh and John W. Glasser},
  title = {The 1997 Measles Outbreak in Metropolitan S{\~{a}}o Paulo Brazil: Strategic Implications of Increasing Urbanization},
  booktitle = {Mathematical and Statistical Modeling for Emerging and Re-emerging Infectious Diseases},
}


@article{327793,
  author = {Bhattacharyya, S. and Ferrari, M.J.},
  title = {Age-specific mixing generates transient outbreak risk following critical-level vaccination},
  journal = {Epidemiology and Infection},
  year = {in press},
}
